<?xml version="1.0" encoding="UTF-8"?><record xmlns="http://www.loc.gov/MARC21/slim" xmlns:cinclude="http://apache.org/cocoon/include/1.0" xmlns:zs="http://www.loc.gov/zing/srw/">
  <leader>00502nz  a2200133n  4500</leader>
  <controlfield tag="001">n  88668416 </controlfield>
  <controlfield tag="003">DLC</controlfield>
  <controlfield tag="005">19881018143932.1</controlfield>
  <controlfield tag="008">881018n| acannaab|          |a aad |||  </controlfield>
  <datafield tag="010" ind1=" " ind2=" ">
    <subfield code="a">n  88668416 </subfield>
  </datafield>
  <datafield tag="040" ind1=" " ind2=" ">
    <subfield code="a">DLC</subfield>
    <subfield code="c">DLC</subfield>
  </datafield>
  <datafield tag="100" ind1="1" ind2="0">
    <subfield code="a">Clodius, C. A. H.</subfield>
    <subfield code="q">(Christian August Heinrich),</subfield>
    <subfield code="d">1772-1836</subfield>
  </datafield>
  <datafield tag="400" ind1="1" ind2="0">
    <subfield code="a">Clodius, Christian August Heinrich,</subfield>
    <subfield code="d">1772-1836</subfield>
  </datafield>
  <datafield tag="670" ind1=" " ind2=" ">
    <subfield code="a">nuc88-117299: Seume, J.G. Mein Leben, 1986</subfield>
    <subfield code="b">(hdg. on NhD rept.: Clodius, C. A. H. (Christian August Heinrich), 1772-1836; usage: C.A.H. Clodius)</subfield>
  </datafield>
</record>